@Article{TRAMP-homepage,
title = {TRAMP-project homepage},
year = {2012},
month = {April},
howpublished = {\url{http://tramp-project.org/}}
}

@Article{FFMPEG-homepage,
title = {FFMPEG-project homepage},
year = {2012},
month = {April},
howpublished = {\url{http://ffmpeg.org/}}
}

